<?xml version="1.0" encoding="UTF-8"?><record xmlns="http://www.loc.gov/MARC21/slim" xmlns:cinclude="http://apache.org/cocoon/include/1.0" xmlns:zs="http://www.loc.gov/zing/srw/">
  <leader>00467cz  a2200145n  4500</leader>
  <controlfield tag="001">no 96014686 </controlfield>
  <controlfield tag="003">DLC</controlfield>
  <controlfield tag="005">19960326112950.4</controlfield>
  <controlfield tag="008">960321n| acannaab|          |n ana      </controlfield>
  <datafield tag="010" ind1=" " ind2=" ">
    <subfield code="a">no 96014686 </subfield>
  </datafield>
  <datafield tag="035" ind1=" " ind2=" ">
    <subfield code="a">(OCoLC)oca04039900 </subfield>
  </datafield>
  <datafield tag="040" ind1=" " ind2=" ">
    <subfield code="a">DLC-S</subfield>
    <subfield code="c">DLC-S</subfield>
  </datafield>
  <datafield tag="110" ind1="2" ind2="0">
    <subfield code="a">Ohio Citizens' Council</subfield>
  </datafield>
  <datafield tag="670" ind1=" " ind2=" ">
    <subfield code="a">The ... scan of trends affecting human services in Ohio, 1992:</subfield>
    <subfield code="b">t.p. verso (Ohio Citizens' Council)</subfield>
  </datafield>
  <datafield tag="670" ind1=" " ind2=" ">
    <subfield code="a">LC database, 3-21-96</subfield>
    <subfield code="b">(hdg.: Ohio Citizens' Council)</subfield>
  </datafield>
</record>